% Books
@book{Luderer2017,
  title={Facetten der Wirtschaftsmathematik: Eine unterhaltsame Einf{\"u}hrung ganz ohne Formeln},
  author={Luderer, B.},
  isbn={9783658191870},
  url={https://books.google.de/books?id=F256swEACAAJ},
  year={2017},
  pages          = {104-105},
  publisher={Springer Fachmedien Wiesbaden}
}

@article{Chu1998,
  title={A Genetic Algorithm for the Multidimensional Knapsack Problem},
  author={Chu, P. and Beasley, J.},
  journal={Journal of Heuristics},
  volume={4},
  number={1},
  pages={63-86},
  year={1998},
  doi={10.1023/A:1009642405419},
  publisher={Springer}
}

@book{Vocking2008,
  title={Taschenbuch der Algorithmen},
  editor={Vöcking, B. and weitere},
  year={2008},
  publisher={Springer},
  address={Berlin, Heidelberg},
  pages={405-413},
  isbn={9783540763932}
}

@incollection{Martello1987,
  title = {Algorithms for Knapsack Problems},
  editor = {Silvano Martello and Gilbert Laporte and Michel Minoux and Celso Ribeiro},
  series = {North-Holland Mathematics Studies},
  publisher = {North-Holland},
  volume = {132},
  pages = {213-257},
  year = {1987},
  booktitle = {Surveys in Combinatorial Optimization},
  issn = {0304-0208},
  doi = {https://doi.org/10.1016/S0304-0208(08)73237-7},
  url = {https://www.sciencedirect.com/science/article/pii/S0304020808732377},
  author = {Silvano Martello and Paolo Toth},
  abstract = {Publisher Summary
  This chapter presents a great variety of practical problems that are represented by a set of entities, each having an associated value, from which one or more subsets has to be selected in such a way that the sum of the values of the selected entities is maximized and some predefined conditions. The most common condition is obtained by associating a size to each entity and establishing that the sum of the entity sizes in each subset does not exceed some prefixed bound. These problems are generally called knapsack problems, as they recall the situation of a hitch-hiker having to fill up knapsack by selecting from among various possible objects those that provides the maximum comfort. The entities are called as items and their number is indicated by n. The value and size associated with the j-th item are called as profit and weight. The majority of problems are considered as single knapsack problems, where one container must be filled with an optimal subset of items. The chapter reviews both exact and approximate algorithms for the solution of the most important types of knapsack problems. Exact solutions are obtained through branch-and-bound algorithms or dynamic programming, or a combination of the two approaches. The performances of these algorithms are evaluated by computational experiments with randomly generated test problems. Approximate algorithms are of the greedy type or are based on scaling. They are evaluated on the basis of their worst-case performance.}
}

@INPROCEEDINGS{Lawler1977,
  author={Lawler, E. L.},
  booktitle={18th Annual Symposium on Foundations of Computer Science (sfcs 1977)}, 
  title={Fast approximation algorithms for knapsack problems}, 
  year={1977},
  volume={},
  number={},
  pages={206-213},
  doi={10.1109/SFCS.1977.11}}


@mastersthesis{Schury2013,
  title={Social Choice Methoden zur Lösung von mehrdimensionalen Rucksackproblemen / Social Choice Methods for the solution of the multimensional knapsack problem},
  author={Schury, Christoph},
  year={2013},
  school={Universität Graz},
  language={German},
  keywords={Rucksackproblem, Kollektiventscheidung, Online-Publikation},
  urn={urn:nbn:at:at-ubg:1-47652},
  pages={IV, 55},
  advisor={Pferschy, Ulrich}
}


@Inbook{Domschke2015,
author="Domschke, Wolfgang
and Drexl, Andreas
and Klein, Robert
and Scholl, Armin",
title="Ganzzahlige und kombinatorische Optimierung",
bookTitle="Einf{\"u}hrung in Operations Research",
year="2015",
publisher="Springer Berlin Heidelberg",
address="Berlin, Heidelberg",
pages="127--164",
abstract="Die meisten der in den Kapiteln 2 bis 5 betrachteten Probleme sind als lineare Optimierungsprobleme formulierbar und mit dem Simplex-Algorithmus oder spezialisierten Vorgehensweisen l{\"o}sbar. Wesentliche Eigenschaft dieser Probleme ist neben der Linearit{\"a}t von Zielfunktion und Nebenbedingungen, dass ausschlie{\ss}lich kontinuierliche Variablen vorkommen. Im Gegensatz dazu wenden wir uns nun einer Klasse von Problemen zu, bei der auch bin{\"a}re oder ganzzahlige Variablen zugelassen sind. Speziell durch die Verwendung von Bin{\"a}rvariablen ergibt sich die M{\"o}glichkeit, auch komplexere Wirkungszusammenh{\"a}nge wie etwa logische Bedingungen zu modellieren. So beruht die Formulierung des Grundmodells der Kapazit{\"a}tsplanung im Projektmanagement (vgl. Kap. 5.5) auf dem Einsatz von Bin{\"a}rvariablen. Weitere Einsatzgebiete der ganzzahligen und kombinatorischen Optimierung umfassen die Ablaufplanung, die Logistik und die Personaleinsatzplanung (vgl. auch die Beispiele in Kap. 1.4).",
isbn="978-3-662-48216-2",
doi="10.1007/978-3-662-48216-2_6",
url="https://doi.org/10.1007/978-3-662-48216-2_6"
}


@article{Martello1990,
title = {An exact algorithm for large unbounded knapsack problems},
journal = {Operations Research Letters},
volume = {9},
number = {1},
pages = {15-20},
year = {1990},
issn = {0167-6377},
doi = {https://doi.org/10.1016/0167-6377(90)90035-4},
url = {https://www.sciencedirect.com/science/article/pii/0167637790900354},
author = {Silvano Martello and Paolo Toth},
keywords = {integer programming, knapsack problem, branch-and-bound},
abstract = {Given n types, each having an associated profit and weight, and a container of given capacity, the unbounded knapsack problem is to determine the number of items of each type to be selected so that the corresponding total profit is a maximum and the corresponding total weight does not exceed the capacity. We present upper bounds, dominance relations, and an approach—based on the definition of a core problem—to the exact solution of very large instances of the problem. We give the results of computational experiments on randomly generated test problems involving up to 250 000 item types.}
}

@book{cormen2022introduction,
  title={Introduction to algorithms},
  author={Cormen, Thomas H and Leiserson, Charles E and Rivest, Ronald L and Stein, Clifford},
  year={2022},
  publisher={MIT press}
}

@inproceedings{hristakeva2005different,
  title={Different approaches to solve the 0/1 knapsack problem},
  author={Hristakeva, Maya and Shrestha, Dipti},
  booktitle={The Midwest Instruction and Computing Symposium},
  year={2005}
}

@article{balogun2022explanatory,
  title={An Explanatory Comparison of Brute Force and Dynamic Programming Techniques to Solve the 0-1 Knapsack Problem},
  author={Balogun, OA and Dosunmu, MA and Ibidapo, IO},
  journal={International Journal of Innovative Science and Research Technology},
  volume={7},
  number={2},
  pages={660--664},
  year={2022}
}